@article{bhutta2021survey,
  title={A survey on blockchain technology: evolution, architecture and security},
  author={Bhutta, Muhammad Nasir Mumtaz and Khwaja, Amir A and Nadeem, Adnan and Ahmad, Hafiz Farooq and Khan, Muhammad Khurram and Hanif, Moataz A and Song, Houbing and Alshamari, Majed and Cao, Yue},
  journal={IEEE Access},
  volume={9},
  pages={61048--61073},
  year={2021},
  publisher={IEEE}
}

@inproceedings{di2020arcula,
  title={Arcula: A secure hierarchical deterministic wallet for multi-asset blockchains},
  author={Di Luzio, Adriano and Francati, Danilo and Ateniese, Giuseppe},
  booktitle={International Conference on Cryptology and Network Security},
  pages={323--343},
  year={2020},
  organization={Springer}
}

@book{antonopoulos2018mastering,
  title={Mastering Ethereum: Building Smart Contracts and DApps},
  author={Antonopoulos, A.M. and D, G.W.P.},
  isbn={9781491971918},
  url={https://books.google.com.br/books?id=nJJ5DwAAQBAJ},
  year={2018},
  publisher={O'Reilly Media}
}

@misc{ethereumorgnetworks,
    author = {{Chris Hobcroft}},
    year = {2022},
    title = {NETWORKS},
    note = {\url{https://ethereum.org/en/developers/docs/networks/}, Acesso em: 05/11/2022}
}

@misc{ethereumorgconsensus,
    author = {{Luka Kropec}},
    year = {2022},
    title = {CONSENSUS MECHANISMS},
    note = {\url{https://ethereum.org/en/developers/docs/consensus-mechanisms/}, Acesso em: 05/11/2022}
}

@misc{ethereumorggas,
    author = {{Joshua}},
    year = {2022},
    title = {GAS AND FEES},
    note = {\url{https://ethereum.org/en/developers/docs/gas/}, Acesso em: 05/11/2022}
}

@misc{ethereumorgnodes,
    author = {{Joseph Cook}},
    year = {2022},
    title = {NODES AND CLIENTS},
    note = {\url{https://ethereum.org/pt/developers/docs/nodes-and-clients/}, Acesso em: 06/11/2022}
}

@misc{ethereumorgrpc,
    author = {{Alex}},
    year = {2022},
    title = {JSON-RPC API},
    note = {\url{https://ethereum.org/en/developers/docs/apis/json-rpc/}, Acesso em: 06/11/2022}
}

% @misc{rockinriofalsificacoes,
%     author = {{Ana Clara Veloso}},
%     year = {2022},
%     title = {MP prende 7 pessoas e 122 produtos falsificados durante três dias de Rock in Rio},
%     note = {\url{https://extra.globo.com/economia-e-financas/rock-in-rio-golpistas-mostram-ate-documentos-em-falsas-vendas-de-ingressos-pela-internet-25558458.html}, Acesso em: 08/11/2022}
% }

@misc{opensearoyalties,
    author = {{OpenSea}},
    year = {2022},
    title = {How do creator fees work on OpenSea?},
    note = {\url{https://support.opensea.io/hc/en-us/articles/1500009575482-How-do-creator-earnings-work-on-OpenSea-/}, Acesso em: 08/11/2022}
}

@misc{statista,
    author = {{Statista}},
    year = {2022},
    title = {The ascent of the crypto economy: Digital Economy Compass 2022 – Chapter 1},
    note = {\url{https://www.statista.com/study/112911/digital-economy-compass-2022-chapter-1/}, Acesso em: 06/11/2022}
}

@article{ali2021comparative,
  title={A comparative study: Blockchain technology utilization benefits, challenges and functionalities},
  author={Ali, Omar and Jaradat, Ashraf and Kulakli, Atik and Abuhalimeh, Ahmed},
  journal={IEEE Access},
  volume={9},
  pages={12730--12749},
  year={2021},
  publisher={IEEE}
}

@article{berdik2021survey,
  title={A survey on blockchain for information systems management and security},
  author={Berdik, David and Otoum, Safa and Schmidt, Nikolas and Porter, Dylan and Jararweh, Yaser},
  journal={Information Processing \& Management},
  volume={58},
  number={1},
  pages={102397},
  year={2021},
  publisher={Elsevier}
}

@article{javaid2021blockchain,
  title={Blockchain technology applications for Industry 4.0: A literature-based review},
  author={Javaid, Mohd and Haleem, Abid and Singh, Ravi Pratap and Khan, Shahbaz and Suman, Rajiv},
  journal={Blockchain: Research and Applications},
  pages={100027},
  year={2021},
  publisher={Elsevier}
}

@article{di2017blockchain,
  title={What is the blockchain?},
  author={Di Pierro, Massimo},
  journal={Computing in Science \& Engineering},
  volume={19},
  number={5},
  pages={92--95},
  year={2017},
  publisher={IEEE}
}

@inproceedings{haber1990time,
  title={How to time-stamp a digital document},
  author={Haber, Stuart and Stornetta, W Scott},
  booktitle={Conference on the Theory and Application of Cryptography},
  pages={437--455},
  year={1990},
  organization={Springer}
}

@phdthesis{liu2021hybrid,
  title={A hybrid blockchain-based event ticketing system},
  author={Liu, Mengxuan Liu and others},
  year={2021},
  school={University of Saskatchewan}
}

@article{singer2019golden,
  title={The Golden Ticket: How Blockchain Technology can be Implemented into Event Ticketing},
  author={Singer, Jack},
  year={2019}
}

@inproceedings{tikhomirov2018smartcheck,
  title={Smartcheck: Static analysis of ethereum smart contracts},
  author={Tikhomirov, Sergei and Voskresenskaya, Ekaterina and Ivanitskiy, Ivan and Takhaviev, Ramil and Marchenko, Evgeny and Alexandrov, Yaroslav},
  booktitle={Proceedings of the 1st International Workshop on Emerging Trends in Software Engineering for Blockchain},
  pages={9--16},
  year={2018}
}

@article{jain2018proof,
  title={Proof of stake with casper the friendly finality gadget protocol for fair validation consensus in ethereum},
  author={Jain, Akshita and Arora, Sherif and Shukla, Yashashwita and Patil, T and Sawant-Patil, S},
  journal={International Journal of Scientific Research in Computer Science, Engineering and Information Technology},
  volume={3},
  number={3},
  pages={291--298},
  year={2018}
}

@article{ondrus2009near,
  title={Near field communication: an assessment for future payment systems},
  author={Ondrus, Jan and Pigneur, Yves},
  journal={Information Systems and E-Business Management},
  volume={7},
  number={3},
  pages={347--361},
  year={2009},
  publisher={Springer}
}

@article{snider2018delegated,
  title={Delegated proof of stake: features \& tradeoffs},
  author={Snider, Myles and Samani, Kyle and Jain, Tushar},
  journal={Multicoin Cap},
  volume={19},
  year={2018}
}

@inproceedings{schwarz2022three,
  title={Three attacks on proof-of-stake ethereum},
  author={Schwarz-Schilling, Caspar and Neu, Joachim and Monnot, Barnab{\'e} and Asgaonkar, Aditya and Tas, Ertem Nusret and Tse, David},
  booktitle={International Conference on Financial Cryptography and Data Security},
  pages={560--576},
  year={2022},
  organization={Springer}
}

@inproceedings{rossi2017opportunities,
  title={Opportunities and risks of BlockchainTechnologies in payments-a research agenda},
  author={Rossi, J and VK, Tuunainen and others},
  booktitle={Hawaii International Conference on System Sciences.},
  year={2017}
}

@article{gonccalves2020desenvolvimento,
  title={Desenvolvimento de uma plataforma de investimentos em criptoativos baseada em Ethereum},
  author={Gon{\c{c}}alves, Gabriel Jos{\'e} Pra and others},
  year={2020},
  publisher={Florian{\'o}polis, SC.}
}

@article{ali2014innovations,
  title={Innovations in payment technologies and the emergence of digital currencies},
  author={Ali, Robleh and Barrdear, John and Clews, Roger and Southgate, James},
  journal={Bank of England Quarterly Bulletin},
  pages={Q3},
  year={2014}
}

@article{kapengut2022event,
  title={An Event Study of the Ethereum Transition to Proof-of-Stake},
  author={Kapengut, Elie and Mizrach, Bruce},
  journal={arXiv preprint arXiv:2210.13655},
  year={2022}
}

@article{ali2020state,
  title={The state of play of blockchain technology in the financial services sector: A systematic literature review},
  author={Ali, Omar and Ally, Mustafa and Dwivedi, Yogesh and others},
  journal={International Journal of Information Management},
  volume={54},
  pages={102199},
  year={2020},
  publisher={Elsevier}
}

@article{howell2022nft,
  title={NFT Ticketing: The Happy Medium for Venues, Live Entertainers, and Fans},
  author={Howell, Cathryn},
  year={2022}
}


@article{khanblockchain,
  title={Blockchain enabled Smart Ticketing Solution},
  author={Khan, Yameen and Indoriya, Preeti and Sharma, Priyanka},
  year={2022}
}

@article{regner2019nfts,
  title={NFTs in practice--non-fungible tokens as core component of a blockchain-based event ticketing application},
  author={Regner, Ferdinand and Urbach, Nils and Schweizer, Andr{\'e}},
  year={2019}
}

@inproceedings{tiwari2016introduction,
  title={An introduction to QR code technology},
  author={Tiwari, Sumit},
  booktitle={2016 international conference on information technology (ICIT)},
  pages={39--44},
  year={2016},
  organization={IEEE}
}

@techreport{jones2015json,
  title={Json web token (jwt)},
  author={Jones, Michael and Bradley, John and Sakimura, Nat},
  year={2015}
}

@article{jatana2012survey,
  title={A survey and comparison of relational and non-relational database},
  author={Jatana, Nishtha and Puri, Sahil and Ahuja, Mehak and Kathuria, Ishita and Gosain, Dishant},
  journal={International Journal of Engineering Research \& Technology},
  volume={1},
  number={6},
  pages={1--5},
  year={2012}
}